<record><leader>00000cas a2200000 a 4500</leader><controlfield tag="001">13117771</controlfield><controlfield tag="008">860207d1881188ukyuwr ne      0    0eng d</controlfield><datafield ind1=" " ind2=" " tag="010"><subfield code="a">sn 86069032 </subfield></datafield><datafield ind1=" " ind2=" " tag="040"><subfield code="a">KNP</subfield><subfield code="b">eng</subfield><subfield code="c">KNP</subfield><subfield code="d">OCL</subfield><subfield code="d">OCLCQ</subfield></datafield><datafield ind1=" " ind2=" " tag="042"><subfield code="a">msc</subfield></datafield><datafield ind1="0" ind2="4" tag="245"><subfield code="a">The Falmouth Pendletonian.</subfield></datafield><datafield ind1="1" ind2="7" tag="246"><subfield code="a">Pendletonian</subfield></datafield><datafield ind1=" " ind2=" " tag="260"><subfield code="a">Falmouth, Ky. :</subfield><subfield code="b">[Pendleton Pub. Co.],</subfield><subfield code="c">1881-</subfield></datafield><datafield ind1=" " ind2=" " tag="300"><subfield code="a">v. :</subfield><subfield code="b">ill.</subfield></datafield><datafield ind1=" " ind2=" " tag="310"><subfield code="a">Weekly</subfield></datafield><datafield ind1="0" ind2=" " tag="362"><subfield code="a">Vol. 1, no. 1 (Jan. 20, 1881)-</subfield></datafield><datafield ind1=" " ind2="4" tag="651"><subfield code="a">Falmouth (Ky.)</subfield><subfield code="v">Newspapers.</subfield></datafield><datafield ind1=" " ind2="4" tag="651"><subfield code="a">Pendleton County (Ky.)</subfield><subfield code="v">Newspapers.</subfield></datafield><datafield ind1=" " ind2=" " tag="752"><subfield code="a">United States</subfield><subfield code="b">Kentucky</subfield><subfield code="c">Pendleton</subfield><subfield code="d">Falmouth.</subfield></datafield><datafield ind1="0" ind2="0" tag="785"><subfield code="t">Guide (Falmouth, Ky.)</subfield><subfield code="w">(DLC)sn 86069033</subfield></datafield><datafield ind1="1" ind2=" " tag="029"><subfield code="a">AU@</subfield><subfield code="b">000022170887</subfield></datafield></record>